<?xml version="1.0" encoding="UTF-8"?><record xmlns="http://www.loc.gov/MARC21/slim" xmlns:cinclude="http://apache.org/cocoon/include/1.0" xmlns:zs="http://www.loc.gov/zing/srw/">
  <leader>00509nz  a2200157n  4500</leader>
  <controlfield tag="001">n  97856685 </controlfield>
  <controlfield tag="003">DLC</controlfield>
  <controlfield tag="005">19971031071924.6</controlfield>
  <controlfield tag="008">971031n| acannaab|           n aad     c</controlfield>
  <datafield tag="010" ind1=" " ind2=" ">
    <subfield code="a">n  97856685 </subfield>
  </datafield>
  <datafield tag="035" ind1=" " ind2=" ">
    <subfield code="a">(NN-PD)NN 301996659</subfield>
  </datafield>
  <datafield tag="040" ind1=" " ind2=" ">
    <subfield code="a">NN-PD</subfield>
    <subfield code="c">NN-PD</subfield>
  </datafield>
  <datafield tag="100" ind1="1" ind2="0">
    <subfield code="a">Carrillo, RociĚo</subfield>
  </datafield>
  <datafield tag="667" ind1=" " ind2=" ">
    <subfield code="a">Lighting designer.</subfield>
  </datafield>
  <datafield tag="667" ind1=" " ind2=" ">
    <subfield code="a">Data contributed by the Dance Heritage Coalition for the New York Public Library Dance Collection.</subfield>
  </datafield>
  <datafield tag="670" ind1=" " ind2=" ">
    <subfield code="a">*MGZIC 9-4062  Cuando se rompe el silencio [videorecording] 1992.</subfield>
  </datafield>
</record>